<?xml version="1.0" encoding="UTF-8"?><collection><record><leader>04863ntm a2200565 a 4500</leader><controlfield tag="001">006806228</controlfield><controlfield tag="003">MiAaHDL</controlfield><controlfield tag="005">20190719000000.0</controlfield><controlfield tag="006">m        d        </controlfield><controlfield tag="007">cr bn ---auaua</controlfield><controlfield tag="008">090602s13uu    xx            00| ||ara d</controlfield><datafield tag="035" ind1=" " ind2=" "><subfield code="a">(MiU)006806228</subfield></datafield><datafield tag="035" ind1=" " ind2=" "><subfield code="a">sdr-miu006806228</subfield></datafield><datafield tag="040" ind1=" " ind2=" "><subfield code="a">MiU</subfield><subfield code="c">MiU</subfield><subfield code="e">amremm</subfield></datafield><datafield tag="043" ind1=" " ind2=" "><subfield code="a">n-us-mi</subfield></datafield><datafield tag="100" ind1="1" ind2=" "><subfield code="6">880-01</subfield><subfield code="a">Abū al-Layth al-Samarqandī, Naṣr ibn Muḥammad,</subfield><subfield code="d">-983?</subfield></datafield><datafield tag="240" ind1="1" ind2="0"><subfield code="6">880-02</subfield><subfield code="a">Baḥr al-ʻulūm.</subfield><subfield code="k">Selections</subfield></datafield><datafield tag="245" ind1="1" ind2="0"><subfield code="6">880-03</subfield><subfield code="a">[Juzʼ min Tafsīr Abī al-Layth al-Samarqandī,</subfield><subfield code="f">14th century?].</subfield></datafield><datafield tag="246" ind1="3" ind2=" "><subfield code="i">Title from inscription on front flyleaf (p.2):</subfield><subfield code="a">من تفسير ابي الليث السمرقندي</subfield></datafield><datafield tag="260" ind1=" " ind2=" "><subfield code="c">[13--?].</subfield></datafield><datafield tag="300" ind1=" " ind2=" "><subfield code="a">88 leaves :</subfield><subfield code="b">paper ;</subfield><subfield code="c">225 x 172 (180 x 130) mm.</subfield></datafield><datafield tag="500" ind1=" " ind2=" "><subfield code="a">Shelfmark: Ann Arbor, University of Michigan, Special Collections Library, Isl. Ms. 466</subfield></datafield><datafield tag="500" ind1=" " ind2=" "><subfield code="a">Origin: Lacks dated colophon ; hand, paper, etc. would suggest 14th century.</subfield></datafield><datafield tag="500" ind1=" " ind2=" "><subfield code="a">Accompanying materials: a. Acquisitions slip from Yahuda -- b. Inventory cataloguing slip in hand of Winifred Smeaton Thomas.</subfield></datafield><datafield tag="500" ind1=" " ind2=" "><subfield code="a">Former shelfmark: From inner front cover and spine label, "IL 53" (likely supplied by Yahuda, see acquisitions slip).</subfield></datafield><datafield tag="500" ind1=" " ind2=" "><subfield code="a">Binding: Boards covered in shell 'marbled' paper (mainly in green-blue, brown and red) with red leather over spine ; Type III binding (without flap) ; board linings in untinted wove paper ; resewn in heavy cream thread, two stations (originally four) ; overall in somewhat poor condition with much abrasion, lifting and losses of paper, delamination of lower board, gash in head of textblock, etc.</subfield></datafield><datafield tag="500" ind1=" " ind2=" "><subfield code="a">Support: non-European (likely Arab) laid paper with 7-8 laid lines per cm. (horizontal) and chain lines grouped in threes or irregular threes and twos with 9-14 mm. between chains and 38-45 between groups (vertical, curved, see pp.56, 58, 68) ; quite dense and sturdy though crisp with many inclusions and undissolved fibers, lightly burnished ; staining and tidelines ; front flyleaf in wove paper ; back flyleaf in European laid paper.</subfield></datafield><datafield tag="500" ind1=" " ind2=" "><subfield code="a">Decoration: Overlining in red.</subfield></datafield><datafield tag="500" ind1=" " ind2=" "><subfield code="a">Script: Naskh ; 'Syrian' or Egyptian hand ; serifless with effect of tilt to the right, many closed counters, only casually pointed (pointing for two and three dots in distinct dots), fairly rounded with curvilinear descenders, kāf mashqūqah preferred ; somewhat freely ligatured.</subfield></datafield><datafield tag="500" ind1=" " ind2=" "><subfield code="a">Layout: Written in 25 lines per page ; frame-ruled (impression of misṭarah evident).</subfield></datafield><datafield tag="500" ind1=" " ind2=" "><subfield code="a">Collation: i, 11 IV(88), i ; exclusively quaternions ; pagination in pencil, Western numerals, supplied during digitization (includes flyleaves).</subfield></datafield><datafield tag="500" ind1=" " ind2=" "><subfield code="a">Explicit: "ان الساعة ايته [؟] لا ريب فيها اذ يتنازعون بينهم امرهم معنى اذ يختلفون فيما بينهم وقال بعضهم"</subfield></datafield><datafield tag="500" ind1=" " ind2=" "><subfield code="a">Incipit: "الوافر قوله تعالى وممن جولكم من الاعراب منافقون معنى الاعراب الذين حوالي المدينة ومن اهل المدينة وهو عبد الله بن ابي واصحابه مردوا على النفاق ..."</subfield></datafield><datafield tag="500" ind1=" " ind2=" "><subfield code="a">Title supplied by cataloguer.</subfield></datafield><datafield tag="500" ind1=" " ind2=" "><subfield code="a">Ms. codex.</subfield></datafield><datafield tag="510" ind1="4" ind2=" "><subfield code="a">Brit. Mus. Suppl.,</subfield><subfield code="c">97</subfield></datafield><datafield tag="510" ind1="3" ind2=" "><subfield code="a">Humbert, G. "Papiers non filigranés utilisés au Proche-Orient jusqu’en 1450: essai de typologie." Journal asiatique, 286, no. 1:1-54.</subfield></datafield><datafield tag="510" ind1="4" ind2=" "><subfield code="a">Ḥājjī Khalīfah. Kashf al-ẓunūn,</subfield><subfield code="c">ii 352, no. 3209</subfield></datafield><datafield tag="510" ind1="4" ind2=" "><subfield code="a">Brockelmann, C. GAL</subfield><subfield code="c">I 196 (6/1)</subfield></datafield><datafield tag="520" ind1="8" ind2=" "><subfield code="a">Fine copy of an extract from the commentary on the Qurʼān by Abū al-Layth al-Samarqandī (d.983?) covering the latter part of Sūrat al-Tawbah (9) from verse 101 through the opening of Sūrat al-Kahf (18) through verse 21. Inscriptions in red and green ink (possibly supplied by Yahuda) on front flyleaf (p.2) lists contents.</subfield></datafield><datafield tag="538" ind1=" " ind2=" "><subfield code="a">Mode of access: Internet.</subfield></datafield><datafield tag="541" ind1=" " ind2=" "><subfield code="a">Acquired in 1926 from the bookseller Isaac Benjamin S.E. Yahuda via purchase transacted on his behalf by his younger brother, the famous Orientalist and manuscript collector Abraham Shalom Yahuda (1877-1951).</subfield></datafield><datafield tag="546" ind1=" " ind2=" "><subfield code="a">Arabic.</subfield></datafield><datafield tag="561" ind1=" " ind2=" "><subfield code="a">Marginal glosses and corrections ; possible effaced former owners' mark at opening on p.3 (appears to be dated 1208 [1793 or 4].</subfield></datafield><datafield tag="630" ind1="0" ind2="0"><subfield code="a">Qurʼan</subfield><subfield code="x">Commentaries</subfield><subfield code="v">Early works to 1800.</subfield></datafield><datafield tag="650" ind1=" " ind2="0"><subfield code="a">Manuscripts, Arabic</subfield><subfield code="z">Michigan</subfield><subfield code="z">Ann Arbor.</subfield></datafield><datafield tag="773" ind1="0" ind2=" "><subfield code="a">Yahuda Collection.</subfield></datafield><datafield tag="880" ind1="1" ind2="0"><subfield code="6">245-03/</subfield><subfield code="a">[جزء من تفسير ابي الليث السمرقندي,</subfield><subfield code="f">القرن 14م؟].</subfield></datafield><datafield tag="880" ind1="1" ind2="0"><subfield code="6">240-02/</subfield><subfield code="a">بحر العلوم.</subfield><subfield code="n">مختارات</subfield></datafield><datafield tag="880" ind1="1" ind2=" "><subfield code="6">100-01/</subfield><subfield code="a">أبو الليث السمرقندي، نصر بن محمد.</subfield></datafield><datafield tag="CID" ind1=" " ind2=" "><subfield code="a">006806228</subfield></datafield><datafield tag="DAT" ind1="0" ind2=" "><subfield code="a">20190719102637.0</subfield><subfield code="b">20190719000000.0</subfield></datafield><datafield tag="DAT" ind1="1" ind2=" "><subfield code="a">20190719090653.0</subfield><subfield code="b">2019-07-19T16:11:42Z</subfield></datafield><datafield tag="DAT" ind1="2" ind2=" "><subfield code="a">2015-10-02T18:00:03Z</subfield></datafield><datafield tag="CAT" ind1=" " ind2=" "><subfield code="a">SDR-MIU</subfield><subfield code="d">EX LIBRIS - ALEPH</subfield><subfield code="l">prepare.pl-004-008</subfield></datafield><datafield tag="FMT" ind1=" " ind2=" "><subfield code="a">BK</subfield></datafield><datafield tag="HOL" ind1=" " ind2=" "><subfield code="0">sdr-miu006806228</subfield><subfield code="a">MiU</subfield><subfield code="b">SDR</subfield><subfield code="c">MIU</subfield><subfield code="p">mdp.39015079127729</subfield><subfield code="s">MIU</subfield><subfield code="1">006806228</subfield></datafield><datafield tag="974" ind1=" " ind2=" "><subfield code="b">MIU</subfield><subfield code="c">MIU</subfield><subfield code="d">20190719</subfield><subfield code="s">lit-dlps-dc</subfield><subfield code="u">mdp.39015079127729</subfield><subfield code="y">1399</subfield><subfield code="r">pd</subfield><subfield code="q">bib</subfield><subfield code="t">non-US bib date1 &lt; 1879</subfield></datafield></record></collection>